@TECHREPORT{ftmr,
  title =        {Functional Triple Modular Redundancy},
  institution =  {Gaisler Research},
  year =         {2002},
  month =        {December},
  howpublished =       {http://klabs.org/richcontent/fpga\_content/DesignNotes/seu\_hardening/functional\_tmr\_fpga\_003\_01-0-2.pdf},
}

@TECHREPORT{tmrtool,
  title =        {Xilinx TMRTool Product Brief},
  institution =  {Xilinx},
  howpublished =       {http://www.xilinx.com/publications/prod\_mktg/CS11XX\_TRMTool\_Product\_Brief\_FINAL.pdf},
  year = {2012}
}

@MISC{synplify,
  title =        {Using Synplify to Design in Microsemi Radiation-Hardened FPGAs},
  institution =  {Microsemi},
  howpublished  =       {http://www.actel.com/documents/SynplifyRH\_AN.pdf},
}

@ARTICLE{partialTMR,
author={Pratt, B. and Caffrey, M. and Carroll, J.F. and Graham, P. and Morgan, K. and Wirthlin, M.},
journal={Nuclear Science, IEEE Transactions on},
title={Fine-Grain SEU Mitigation for FPGAs Using Partial TMR},
year={2008},
month={aug. },
volume={55},
number={4},
pages={2274 -2280},
keywords={FPGA;field-programmable gate arrays;fine-grain mitigation;maximum reliability gain;single-event upsets;triple modular redundancy;circuit CAD;field programmable gate arrays;integrated circuit reliability;logic design;radiation effects;},
doi={10.1109/TNS.2008.2000852},
ISSN={0018-9499},}

@TECHREPORT{milVTMR,
  author =       {Barbara Marty, James C. Lyke},
  title =        {Virtual Field Programmable Gate Array Triple Modular Redundant Cell Design},
  institution =  {Schafer, AIR FORCE RESEARCH LABORATORY/VSSE},
  year =         {2004},
  month =        {mar. },
  source =       {http://www.dtic.mil/dtic/tr/fulltext/u2/a426619.pdf},
}
